@Book{knuth:84,
  author = 	 {Donald E. Knuth},
  title = 	 {The {\TeX} Book},
  publisher = 	 {Addison-Wesley},
  year = 	 {1984},
  edition = 	 {15th}
}

@InCollection{boulic:91,
  author = 	 {R. Boulic and O. Renault},
  title = 	 {3D Hierarchies for Animation},
  booktitle = 	 {New Trends in Animation and Visualization},
  publisher =    {John Wiley {\&} Sons ltd.},
  year = 	 {1991},
  editor = 	 {Nadia Magnenat-Thalmann and Daniel Thalmann}
}

@InCollection{smith:99,
  author = 	 {A. Smith and B. Jones},
  title = 	 {On the Complexity of Computing},
  booktitle = 	 {Advances in Computer Science},
  pages = 	 {555--566},
  publisher =    {Publishing Press},
  year = 	 {1999},
  editor = 	 {A. B. Smith-Jones}
}

@inproceedings{santos:21,
  title={Ferramenta de visualiza{\c{c}}{\~a}o de Dados Abertos do Portal de Transpar{\^e}ncia da C{\^a}mara Municipal da Cidade de Florian{\'o}polis},
  author={Santos, Maria Teresa Silva and Gasparini, Isabela and Frigo, Luciana Bolan and Dalle Mulle, La{\'\i}s de Oliveira},
  booktitle={Anais do IX Workshop de Computa{\c{c}}{\~a}o Aplicada em Governo Eletr{\^o}nico},
  pages={71--82},
  year={2021},
  organization={SBC}
}

@article{lima:2013,
  title={As mulheres na Ci{\^e}ncia da Computa{\c{c}}{\~a}o},
  author={Lima, Michelle Pinto},
  journal={Revista Estudos Feministas},
  volume={21},
  pages={793--816},
  year={2013},
  publisher={SciELO Brasil}
}
@article{marx:2013,
  title={Data visualization: ambiguity as a fellow traveler},
  author={Marx, Vivien},
  journal={Nature methods},
  volume={10},
  number={7},
  pages={613--615},
  year={2013},
  publisher={Nature Publishing Group}
}

@inproceedings{stasko:2008,
  title={Visualization for information exploration and analysis},
  author={Stasko, John},
  booktitle={2008 IEEE Symposium on Visual Languages and Human-Centric Computing},
  pages={7--8},
  year={2008},
  organization={IEEE}
}

@misc{tufte:2001,
  title={The visual display of quantitative information},
  author={Tufte, Edward},
  year={2001},
  publisher={Cheshire: Graphic Press.--2001.--213 p}
}

@article{zoppi:2021,
  title={MiBiOmics: an interactive web application for multi-omics data exploration and integration},
  author={Zoppi, Johanna and Guillaume, Jean-Fran{\c{c}}ois and Neunlist, Michel and Chaffron, Samuel},
  journal={BMC bioinformatics},
  volume={22},
  number={1},
  pages={1--14},
  year={2021},
  publisher={Springer}
}

@inproceedings{barros:2017,
  title={Modelagem e visualiza{\c{c}}{\~a}o cient{\'\i}fica de dados educacionais: estudo de caso sobre o desempenho em componentes curriculares},
  author={Barros, Thiago and Silva, Ivanovitch and Guedes, Luiz},
  booktitle={Anais dos Workshops do Congresso Brasileiro de Inform{\'a}tica na Educa{\c{c}}{\~a}o},
  volume={6},
  number={1},
  pages={654},
  year={2017}
}

@inproceedings{macedo:2020,
  title={Uma ferramenta para recomenda{\c{c}}{\~a}o de visualiza{\c{c}}{\~a}o de dados governamentais abertos},
  author={Macedo, Daiane and Barcelos, Raissa and Bernardini, Flavia and Viterbo, Jos{\'e}},
  booktitle={Anais do VIII Workshop de Computa{\c{c}}{\~a}o Aplicada em Governo Eletr{\^o}nico},
  pages={96--107},
  year={2020},
  organization={SBC}
}

@article{cud:2002,
  title={Evaluating the universal design performance of products},
  author={Story, M and Mueller, J and Montoya-Weiss, M},
  journal={Retrieved March},
  volume={29},
  pages={2010},
  year={2002}
}

@inproceedings{ferreira:2021,
  title={Dados Abertos Educacionais Brasileiros: Um Mapeamento Sistem{\'a}tico da Literatura},
  author={Ferreira, Leandro A and Rodrigues, Rodrigo L and de Souza, Rodrigo NPM},
  booktitle={Anais do XXXII Simp{\'o}sio Brasileiro de Inform{\'a}tica na Educa{\c{c}}{\~a}o},
  pages={1186--1195},
  year={2021},
  organization={SBC}
}

@inproceedings{macedo:2020,
  title={Uma ferramenta para recomenda{\c{c}}{\~a}o de visualiza{\c{c}}{\~a}o de dados governamentais abertos},
  author={Macedo, Daiane and Barcelos, Raissa and Bernardini, Flavia and Viterbo, Jos{\'e}},
  booktitle={Anais do VIII Workshop de Computa{\c{c}}{\~a}o Aplicada em Governo Eletr{\^o}nico},
  pages={96--107},
  year={2020},
  organization={SBC}
}